<?xml version="1.0" encoding="utf-8"?>
<record xmlns="http://www.loc.gov/MARC21/slim" xmlns:xsi="http://www.w3.org/2001/XMLSchema-instance" xsi:schemaLocation="http://www.loc.gov/MARC21/slim http://www.loc.gov/standards/marcxml/schema/MARC21slim.xsd">
	<leader>     nam a22        4500</leader>
	<controlfield tag="001">647445</controlfield>
	<controlfield tag="003">NNC</controlfield>
	<controlfield tag="006">m        d        </controlfield>
	<controlfield tag="007">cr cn |||m|||a</controlfield>
	<controlfield tag="008">160519s1912    ua      obd   000 0 ara d</controlfield>
	<datafield ind1=" " ind2=" " tag="040">
		<subfield code="a">NNU</subfield>
		<subfield code="b">eng</subfield>
		<subfield code="e">rda</subfield>
		<subfield code="c">NNU</subfield>
	</datafield>
	<datafield ind1="1" ind2=" " tag="100">
		<subfield code="6">880-01</subfield>
		<subfield code="a">Fayyūmī, Aḥmad ibn Muḥammad,</subfield>
		<subfield code="d">-approximately 1368.</subfield>
	</datafield>
	<datafield ind1="1" ind2="0" tag="240">
		<subfield code="6">880-02</subfield>
		<subfield code="a">Misbah al-munir</subfield>
	</datafield>
	<datafield ind1="1" ind2="0" tag="245">
		<subfield code="6">880-03</subfield>
		<subfield code="a">Kitab al-miṣbāḥ al-munīr fī gharīb al-sharḥ al-kabīr lil-Rāfiʻī /</subfield>
		<subfield code="c">ta'līf Aḥmad ibn Muḥammad ibn ʻAlī al-Muqri' al-Fayyūmī.</subfield>
	</datafield>
	<datafield ind1=" " ind2=" " tag="250">
		<subfield code="a">3rd ed.</subfield>
	</datafield>
	<datafield ind1=" " ind2=" " tag="260">
		<subfield code="6">880-04</subfield>
		<subfield code="a">Misr :</subfield>
		<subfield code="b">al-Matbaʻah al-Amiriyah bi-Misr,</subfield>
		<subfield code="c">1912.</subfield>
	</datafield>
	<datafield ind1=" " ind2=" " tag="300">
		<subfield code="a">online resource (2 volumes in 1 (1102 pages))</subfield>
	</datafield>
	<datafield ind1=" " ind2=" " tag="336">
		<subfield code="a">text</subfield>
		<subfield code="2">rdacontent</subfield>
	</datafield>
	<datafield ind1=" " ind2=" " tag="337">
		<subfield code="a">computer</subfield>
		<subfield code="2">rdamedia</subfield>
	</datafield>
	<datafield ind1=" " ind2=" " tag="338">
		<subfield code="a">online resource</subfield>
		<subfield code="2">rdacarrier</subfield>
	</datafield>
	<datafield ind1=" " ind2=" " tag="500">
		<subfield code="a">Text partially vocalized.</subfield>
	</datafield>
	<datafield ind1=" " ind2=" " tag="500">
		<subfield code="a">A dictionary based on the vocabulary used by Rāfiʻī in his commentary, entitled Fatḥ al-ʻAzīz, on Ghazzālī's al-Wajīz.</subfield>
	</datafield>
	<datafield ind1=" " ind2=" " tag="500">
		<subfield code="a">Part of the Arabic Collections Online (ACO) project, contributed by Columbia University Libraries.</subfield>
	</datafield>
	<datafield ind1=" " ind2=" " tag="504">
		<subfield code="a">Includes bibliographical references.</subfield>
	</datafield>
	<datafield ind1=" " ind2=" " tag="533">
		<subfield code="a">Electronic reproduction.</subfield>
		<subfield code="b">New York, N.Y. :</subfield>
		<subfield code="c">New York University,</subfield>
		<subfield code="d">2016.</subfield>
		<subfield code="5">NNU</subfield>
	</datafield>
	<datafield ind1="1" ind2="0" tag="600">
		<subfield code="6">880-05</subfield>
		<subfield code="a">Rāfiʻī, ʻAbd al-Karīm ibn Muḥammad,</subfield>
		<subfield code="d">1162-1226.</subfield>
		<subfield code="t">Fatḥ al-ʻAzīz.</subfield>
	</datafield>
	<datafield ind1="1" ind2="0" tag="600">
		<subfield code="6">880-06</subfield>
		<subfield code="a">Rāfiʻī, ʻAbd al-Karīm ibn Muḥammad,</subfield>
		<subfield code="d">1162-1226</subfield>
		<subfield code="v">Dictionaries.</subfield>
	</datafield>
	<datafield ind1=" " ind2="0" tag="650">
		<subfield code="a">Islamic law</subfield>
		<subfield code="v">Dictionaries</subfield>
		<subfield code="x">Arabic</subfield>
		<subfield code="v">Early works to 1800.</subfield>
	</datafield>
	<datafield ind1="1" ind2=" " tag="700">
		<subfield code="6">880-07</subfield>
		<subfield code="a">Rāfiʻī, ʻAbd al-Karīm ibn Muḥammad,</subfield>
		<subfield code="d">1162-1226.</subfield>
		<subfield code="t">Fatḥ al-ʻAzīz.</subfield>
	</datafield>
	<datafield ind1="2" ind2=" " tag="710">
		<subfield code="a">Columbia University.</subfield>
		<subfield code="b">Libraries.</subfield>
	</datafield>
	<datafield ind1="0" ind2=" " tag="730">
		<subfield code="a">Arabic Collections Online.</subfield>
	</datafield>
	<datafield ind1="0" ind2="8" tag="776">
		<subfield code="i">Print version:</subfield>
		<subfield code="a">Fayyūmī, Aḥmad ibn Muḥammad, -approximately 1368.</subfield>
		<subfield code="t">Kitab al-miṣbāḥ al-munīr fī gharīb al-sharḥ al-kabīr lil-Rāfiʻī</subfield>
		<subfield code="w">(NNC)647445</subfield>
		<subfield code="w">(OCoLC)62398359</subfield>
	</datafield>
	<datafield ind1="4" ind2="0" tag="856">
		<subfield code="u">http://hdl.handle.net/2333.1/w6m908q4</subfield>
	</datafield>
	<datafield ind1="4" ind2="0" tag="856">
		<subfield code="u">http://hdl.handle.net/2333.1/w6m908q4</subfield>
	</datafield>
	<datafield ind1="1" ind2=" " tag="880">
		<subfield code="6">100-01</subfield>
		<subfield code="a">‏فيومي، أحمد بن محمد،</subfield>
		<subfield code="d">-approximately 1368.</subfield>
	</datafield>
	<datafield ind1="1" ind2="0" tag="880">
		<subfield code="6">240-02</subfield>
		<subfield code="a">‏مصباح المنير</subfield>
	</datafield>
	<datafield ind1="1" ind2="0" tag="880">
		<subfield code="6">245-03</subfield>
		<subfield code="a">‏كتاب المصباح المنير في غريب الشرح الكبير للرافعي /‏</subfield>
		<subfield code="c">‏تأليف أحمد بن محمد بن علي القري الفيومي.</subfield>
	</datafield>
	<datafield ind1=" " ind2=" " tag="880">
		<subfield code="6">260-04</subfield>
		<subfield code="a">‏مصر :‏</subfield>
		<subfield code="b">‏المطبعة الأميرية بمصر،‏</subfield>
		<subfield code="c">‏1912.</subfield>
	</datafield>
	<datafield ind1="1" ind2="4" tag="880">
		<subfield code="6">600-05</subfield>
		<subfield code="a">رافعي، عبد الكريم بن محمد،</subfield>
		<subfield code="d">1162-1226.</subfield>
		<subfield code="t">فتح العزيز.</subfield>
	</datafield>
	<datafield ind1="1" ind2="0" tag="880">
		<subfield code="6">600-06</subfield>
		<subfield code="a">رافعي، عبد الكريم بن محمد،</subfield>
		<subfield code="d">1162-1226</subfield>
		<subfield code="v">Dictionaries.</subfield>
	</datafield>
	<datafield ind1="1" ind2=" " tag="880">
		<subfield code="6">700-07</subfield>
		<subfield code="a">‏رافعي، عبد الكريم بن محمد،‏</subfield>
		<subfield code="d">‏1226-1162.</subfield>
		<subfield code="t">‏فتح العزيز.</subfield>
	</datafield>
	<datafield ind1=" " ind2=" " tag="959">
		<subfield code="a">NNU</subfield>
		<subfield code="b">WEB</subfield>
		<subfield code="c">GENI</subfield>
		<subfield code="t">0</subfield>
		<subfield code="m">Electronic access</subfield>
		<subfield code="s">01</subfield>
	</datafield>
	<datafield ind1=" " ind2=" " tag="959">
		<subfield code="a">NNU</subfield>
		<subfield code="b">WEB</subfield>
		<subfield code="c">GENI</subfield>
		<subfield code="t">0</subfield>
		<subfield code="m">Electronic access</subfield>
		<subfield code="s">01</subfield>
	</datafield>
	<datafield ind1=" " ind2=" " tag="999">
		<subfield code="i">NNC_647445</subfield>
		<subfield code="o">(OCoLC)ocm62398359</subfield>
		<subfield code="s">columbia_aco001264</subfield>
		<subfield code="e">(ERROR-880)</subfield>
		<subfield code="s">columbia_aco001264</subfield>
	</datafield>
</record>
